@MISC{igeo,
 AUTHOR={iGEO},
 TITLE={{Serviços do Portal iGEO}},
 HOWPUBLISHED={\url{http://www.igeo.pt/DadosAbertos/Listagem.aspx}},
 NOTE = {Acedido em Março, 2016}
}

@MISC{gbif,
 AUTHOR={GBIF},
 TITLE={{API de espécies do GBIF}},
 HOWPUBLISHED={\url{http://www.gbif.org/developer/species}},
 NOTE = {Acedido em Março, 2016}
}

@MISC{googlemaps,
 AUTHOR={Google},
 TITLE={{Google Maps API}},
 HOWPUBLISHED={\url{https://developers.google.com/maps/documentation/javascript/}},
 NOTE = {Acedido em Março, 2016}
}